@article{hopkins2000,
	title = {Measures of Reliability in Sports Medicine and Science:},
	author = {{Hopkins}, {Will G.}},
	year = {2000},
	date = {2000},
	journal = {Sports Medicine},
	pages = {1--15},
	volume = {30},
	number = {1},
	doi = {10.2165/00007256-200030010-00001},
	url = {http://link.springer.com/10.2165/00007256-200030010-00001},
	langid = {en}
}

@article{peng2006,
	title = {Reproducible Epidemiologic Research},
	author = {{Peng}, {Roger D.} and {Dominici}, {Francesca} and {Zeger}, {Scott L.}},
	year = {2006},
	date = {2006},
	journal = {American Journal of Epidemiology},
	pages = {783--789},
	volume = {163},
	number = {9},
	doi = {10.1093/aje/kwj093},
	url = {http://academic.oup.com/aje/article/163/9/783/108733/Reproducible-Epidemiologic-Research},
	langid = {en}
}

@article{halperin2015,
	title = {Threats to Internal Validity in Exercise Science: A Review of Overlooked Confounding Variables},
	author = {{Halperin}, {Israel} and {Pyne}, {David B.} and {Martin}, {David T.}},
	year = {2015},
	date = {2015},
	journal = {International Journal of Sports Physiology and Performance},
	pages = {823--829},
	volume = {10},
	number = {7},
	doi = {10.1123/ijspp.2014-0566},
	url = {http://journals.humankinetics.com/doi/10.1123/ijspp.2014-0566},
	langid = {en}
}

@article{schroeder2007,
	title = {Reliability of Maximal Voluntary Muscle Strength and Power Testing in Older Men},
	author = {{Schroeder}, {E. T.} and {Wang}, {Y.} and {Castaneda-Sceppa}, {C.} and {Cloutier}, {G.} and {Vallejo}, {A. F.} and {Kawakubo}, {M.} and {Jensky}, {N. E.} and {Coomber}, {S.} and {Azen}, {S. P.} and {Sattler}, {F. R.}},
	year = {2007},
	date = {2007},
	journal = {The Journals of Gerontology Series A: Biological Sciences and Medical Sciences},
	pages = {543--549},
	volume = {62},
	number = {5},
	doi = {10.1093/gerona/62.5.543},
	url = {https://academic.oup.com/biomedgerontology/article-lookup/doi/10.1093/gerona/62.5.543},
	langid = {en}
}

@book{alberts2015,
	title = {Molecular Biology of the Cell},
	author = {{Alberts}, {Bruce}},
	year = {2015},
	date = {2015},
	publisher = {Garland Science, Taylor and Francis Group},
	note = {Google-Books-ID: tLSuoQEACAAJ},
	langid = {en}
}

@article{bass2017,
	title = {An overview of technical considerations for Western blotting applications to physiological research},
	author = {{Bass}, {J. J.} and {Wilkinson}, {D. J.} and {Rankin}, {D.} and {Phillips}, {B. E.} and {Szewczyk}, {N. J.} and {Smith}, {K.} and {Atherton}, {P. J.}},
	year = {2017},
	month = {01},
	date = {2017-01},
	journal = {Scandinavian Journal of Medicine and Science in Sports},
	pages = {4--25},
	volume = {27},
	number = {1},
	doi = {10.1111/sms.12702},
	url = {https://onlinelibrary.wiley.com/doi/10.1111/sms.12702},
	langid = {en}
}

@article{puighermanal2017,
	title = {Ribosomal Protein S6 Phosphorylation Is Involved in Novelty-Induced Locomotion, Synaptic Plasticity and mRNA Translation},
	author = {{Puighermanal}, {Emma} and {Biever}, {Anne} and {Pascoli}, {Vincent} and {Melser}, {Su} and {Pratlong}, {Marine} and {Cutando}, {Laura} and {Rialle}, {Stephanie} and {Severac}, {Dany} and {Boubaker-Vitre}, {Jihane} and {Meyuhas}, {Oded} and {Marsicano}, {Giovanni} and {LÃ¼scher}, {Christian} and {Valjent}, {Emmanuel}},
	year = {2017},
	month = {12},
	date = {2017-12-21},
	journal = {Frontiers in Molecular Neuroscience},
	pages = {419},
	volume = {10},
	doi = {10.3389/fnmol.2017.00419},
	url = {http://journal.frontiersin.org/article/10.3389/fnmol.2017.00419/full}
}

@article{copenhaver1994,
	title = {The RNA polymerase I transcription factor UBF is a sequence-tolerant HMG-box protein that can recognize structured nucleic acids},
	author = {{Copenhaver}, {Gregory P.} and {Putnam}, {Christopher D.} and {Denton}, {Michael L.} and {Pikaard}, {Craig S.}},
	year = {1994},
	date = {1994},
	journal = {Nucleic Acids Research},
	pages = {2651--2657},
	volume = {22},
	number = {13},
	doi = {10.1093/nar/22.13.2651},
	url = {https://academic.oup.com/nar/article-lookup/doi/10.1093/nar/22.13.2651},
	langid = {en}
}

@book{okasha2016,
	title = {Philosophy of Science: A very Short Introduction},
	author = {{Okasha}, {Samir}},
	year = {2016},
	date = {2016},
	publisher = {Oxford University Press},
	edition = {2}
}

@book{popper1969,
	title = {Conjectures and Refutations: The Growth of Scientific Knowledge (3. utg.). London: Routledge},
	author = {{Popper}, {Karl R.}},
	year = {1969},
	date = {1969},
	publisher = {Routledge and Kegan Paul}
}

@book{hempel1966,
	title = {Philosophy of Natural Science},
	author = {{Hempel}, {Carl Gustav}},
	year = {1966},
	date = {1966},
	publisher = {Prentice-Hall},
	note = {Google-Books-ID: Iau78s98cqwC},
	langid = {en}
}

@article{bird2020,
	title = {Understanding the Replication Crisis as a Base Rate Fallacy},
	author = {{Bird}, {Alexander}},
	year = {2020},
	month = {12},
	date = {2020},
	journal = {The British Journal for the Philosophy of Science},
	pages = {000--000},
	doi = {10.1093/bjps/axy051},
	url = {https://www.journals.uchicago.edu/doi/10.1093/bjps/axy051},
	langid = {en}
}

@article{clark2014,
	title = {Effects of a Seven Day Overload-Period of High-Intensity Training on Performance and Physiology of Competitive Cyclists},
	author = {{Clark}, {Bradley} and {Costa}, {Vitor P.} and {O'Brien}, {Brendan J.} and {Guglielmo}, {Luiz G.} and {Paton}, {Carl D.}},
	editor = {{Gonzalez}, {German E.}},
	year = {2014},
	month = {12},
	date = {2014-12-18},
	journal = {PLoS ONE},
	pages = {e115308},
	volume = {9},
	number = {12},
	doi = {10.1371/journal.pone.0115308},
	url = {https://dx.plos.org/10.1371/journal.pone.0115308},
	langid = {en}
}

@article{ronnestad2016,
	title = {5-week block periodization increases aerobic power in elite cross-country skiers: Block training in elite cross-country skiers},
	author = {{Ronnestad}, {B. R.} and {Hansen}, {J.} and {Thyli}, {V.} and {Bakken}, {T. A.} and {Sandbakk}, {O.}},
	year = {2016},
	month = {02},
	date = {2016-02},
	journal = {Scandinavian Journal of Medicine and Science in Sports},
	pages = {140--146},
	volume = {26},
	number = {2},
	doi = {10.1111/sms.12418},
	url = {https://onlinelibrary.wiley.com/doi/10.1111/sms.12418},
	langid = {en}
}

@article{mcgawley2017,
	title = {No Additional Benefits of Block- Over Evenly-Distributed High-Intensity Interval Training within a Polarized Microcycle},
	author = {{McGawley}, {Kerry} and {Juudas}, {Elisabeth} and {Kazior}, {Zuzanna} and {Strom}, {Kristoffer} and {Blomstrand}, {Eva} and {Hansson}, {Ola} and {Holmberg}, {Hans-Christer}},
	year = {2017},
	month = {06},
	date = {2017-06-13},
	journal = {Frontiers in Physiology},
	pages = {413},
	volume = {8},
	doi = {10.3389/fphys.2017.00413},
	url = {http://journal.frontiersin.org/article/10.3389/fphys.2017.00413/full}
}

@article{timmons2011,
	title = {Variability in training-induced skeletal muscle adaptation},
	author = {{Timmons}, {James A.}},
	year = {2011},
	month = {03},
	date = {2011-03},
	journal = {Journal of Applied Physiology},
	pages = {846--853},
	volume = {110},
	number = {3},
	doi = {10.1152/japplphysiol.00934.2010},
	url = {https://www.physiology.org/doi/10.1152/japplphysiol.00934.2010},
	langid = {en}
}

@article{vikmoen2017,
	title = {Heavy strength training improves running and cycling performance following prolonged submaximal work in well-trained female athletes},
	author = {{Vikmoen}, {Olav} and {Ronnestad}, {Bent R.} and {Ellefsen}, {Stian} and {Raastad}, {Truls}},
	year = {2017},
	month = {03},
	date = {2017-03},
	journal = {Physiological Reports},
	pages = {e13149},
	volume = {5},
	number = {5},
	doi = {10.14814/phy2.13149},
	url = {http://doi.wiley.com/10.14814/phy2.13149},
	langid = {en}
}

@book{molmen2021,
	title = {The impact of vitamin D3 supplementation, chronic obstructive pulmonary disease and exercise load on resistance training-associated adaptations in older adults},
	author = {{Molmen}, {Knut Sindre}},
	year = {2021},
	date = {2021},
	url = {https://nih.brage.unit.no/nih-xmlui/handle/11250/2773876},
	note = {Accepted: 2021-09-07T06:22:03Z},
	langid = {eng}
}

@article{haun2019,
	title = {Pre-training Skeletal Muscle Fiber Size and Predominant Fiber Type Best Predict Hypertrophic Responses to 6 Weeks of Resistance Training in Previously Trained Young Men},
	author = {{Haun}, {Cody T.} and {Vann}, {Christopher G.} and {Mobley}, {C. Brooks} and {Osburn}, {Shelby C.} and {Mumford}, {Petey W.} and {Roberson}, {Paul A.} and {Romero}, {Matthew A.} and {Fox}, {Carlton D.} and {Parry}, {Hailey A.} and {Kavazis}, {Andreas N.} and {Moon}, {Jordan R.} and {Young}, {Kaelin C.} and {Roberts}, {Michael D.}},
	year = {2019},
	month = {03},
	date = {2019-03-26},
	journal = {Frontiers in Physiology},
	pages = {297},
	volume = {10},
	doi = {10.3389/fphys.2019.00297},
	url = {https://www.frontiersin.org/article/10.3389/fphys.2019.00297/full}
}

@article{paulsen2003,
	title = {The Influence of Volume of Exercise on Early Adaptations to Strength Training:},
	author = {{Paulsen}, {Gosran} and {Myklestad}, {Dag} and {Raastad}, {Truls}},
	year = {2003},
	month = {02},
	date = {2003-02},
	journal = {Journal of Strength and Conditioning Research},
	pages = {115--120},
	volume = {17},
	number = {1},
	doi = {10.1519/00124278-200302000-00019},
	url = {http://journals.lww.com/00124278-200302000-00019},
	langid = {en}
}

@article{hughes2018,
	title = {Adaptations to Endurance and Strength Training},
	author = {{Hughes}, {David C.} and {Ellefsen}, {Stian} and {Baar}, {Keith}},
	year = {2018},
	month = {06},
	date = {2018-06},
	journal = {Cold Spring Harbor Perspectives in Medicine},
	pages = {a029769},
	volume = {8},
	number = {6},
	doi = {10.1101/cshperspect.a029769},
	url = {http://perspectivesinmedicine.cshlp.org/lookup/doi/10.1101/cshperspect.a029769},
	langid = {en}
}
